<?xml version="1.0" encoding="UTF-8"?>
<record xmlns="http://www.loc.gov/MARC21/slim" xmlns:xsi="http://www.w3.org/2001/XMLSchema-instance" xsi:schemaLocation="http://www.loc.gov/MARC21/slim http://www.loc.gov/standards/marcxml/schema/MARC21slim.xsd">
<leader>     nam a2200193 a 4500</leader>
<controlfield tag="001">001677097</controlfield>
<controlfield tag="003">NNU</controlfield>
<controlfield tag="005">20001218194843.0</controlfield>
<controlfield tag="008">920713s1931    ua            000 0 ara d</controlfield>
<datafield tag="035" ind1="9" ind2=" ">
<subfield code="a">NYUb12220472</subfield>
</datafield>
<datafield tag="035" ind1=" " ind2=" ">
<subfield code="a">(CStRLIN)NJPG92-B37473</subfield>
</datafield>
<datafield tag="040" ind1=" " ind2=" ">
<subfield code="a">NjP</subfield>
<subfield code="c">NjP</subfield>
</datafield>
<datafield tag="100" ind1="1" ind2=" ">
<subfield code="a">Ibn al-Jazarī, Muḥammad ibn Muḥammad,</subfield>
<subfield code="d">1350-1429.</subfield>
</datafield>
<datafield tag="245" ind1="1" ind2="0">
<subfield code="a">Munjid al-Muqriʼīn wa-murshid al-ṭālibīn /</subfield>
<subfield code="c">li-Shaykh Shams al-Dīn Abī al-Khayr Muḥammad ibn Muḥammad ibn al-Jazarī.</subfield>
</datafield>
<datafield tag="260" ind1=" " ind2=" ">
<subfield code="a">Miṣr :</subfield>
<subfield code="b">al-Maṭbaʻah al-Waṭanīyah al-Islāmīyah,</subfield>
<subfield code="c">1350 [1931 or 1932]</subfield>
</datafield>
<datafield tag="300" ind1=" " ind2=" ">
<subfield code="a">79 p. ;</subfield>
<subfield code="c">24 cm.</subfield>
</datafield>
<datafield tag="630" ind1="0" ind2="0">
<subfield code="a">Koran</subfield>
<subfield code="x">Readings.</subfield>
</datafield>
<datafield tag="OWN" ind1=" " ind2=" ">
<subfield code="a">GENERAL</subfield>
</datafield>
<datafield tag="950" ind1=" " ind2=" ">
<subfield code="l">BMAIN</subfield>
<subfield code="a">BP131.5</subfield>
<subfield code="b">.I23</subfield>
</datafield>
<datafield tag="955" ind1=" " ind2=" ">
<subfield code="l">BMAIN</subfield>
<subfield code="c">1</subfield>
<subfield code="r">027717027</subfield>
</datafield>
<datafield tag="998" ind1=" " ind2=" ">
<subfield code="s">9124</subfield>
</datafield>
<datafield tag="AVA" ind1=" " ind2=" ">
<subfield code="a">NYU50</subfield>
<subfield code="b">BOBST</subfield>
<subfield code="c">Main Collection</subfield>
<subfield code="d">BP131.5 .I23</subfield>
<subfield code="e">unavailable</subfield>
<subfield code="t">Unavailable</subfield>
<subfield code="f">1</subfield>
<subfield code="g">1</subfield>
<subfield code="h">N</subfield>
<subfield code="i">1</subfield>
<subfield code="j">MAIN</subfield>
<subfield code="k">0</subfield>
</datafield>
</record>
